<?xml version="1.0" encoding="utf-8"?>
<record xmlns="http://www.loc.gov/MARC21/slim" xmlns:xsi="http://www.w3.org/2001/XMLSchema-instance" xsi:schemaLocation="http://www.loc.gov/MARC21/slim http://www.loc.gov/standards/marcxml/schema/MARC21slim.xsd">
	<leader>     nam a22        4500</leader>
	<controlfield tag="001">b12620075</controlfield>
	<controlfield tag="003">LeBAU</controlfield>
	<controlfield tag="006">m        d        </controlfield>
	<controlfield tag="007">cr cn |||m|||a</controlfield>
	<controlfield tag="008">170926s1906    ua      o     ||0 f ara d</controlfield>
	<datafield ind1=" " ind2=" " tag="040">
		<subfield code="a">NNU</subfield>
		<subfield code="b">ara</subfield>
		<subfield code="e">rda</subfield>
		<subfield code="c">NNU</subfield>
	</datafield>
	<datafield ind1="0" ind2="4" tag="082">
		<subfield code="a">892.78</subfield>
		<subfield code="2">22</subfield>
	</datafield>
	<datafield ind1="1" ind2=" " tag="100">
		<subfield code="6">880-01</subfield>
		<subfield code="a">Zaydā‎n, Jirjī,</subfield>
		<subfield code="d">1861-1914,</subfield>
		<subfield code="e">author.</subfield>
	</datafield>
	<datafield ind1="1" ind2="0" tag="245">
		<subfield code="6">880-02</subfield>
		<subfield code="a">al-‎‘‎Abbā‎sah ukht al-Rashīd, aw, nakbat al-Barāmikah :</subfield>
		<subfield code="b">riwāyah tārīkhīyah gharāmīyah /</subfield>
		<subfield code="c">ta’līf Jirjī Zaydā‎n, munshi’ al-Hilāl.</subfield>
	</datafield>
	<datafield ind1="3" ind2="0" tag="246">
		<subfield code="6">880-03</subfield>
		<subfield code="a">Nakbat al-Barāmikah</subfield>
	</datafield>
	<datafield ind1=" " ind2="1" tag="264">
		<subfield code="6">880-04</subfield>
		<subfield code="a">al-Fajālah, Miṣr :</subfield>
		<subfield code="b">Maṭbaʻat al-Hilā‎l,</subfield>
		<subfield code="c">1906.</subfield>
	</datafield>
	<datafield ind1=" " ind2=" " tag="300">
		<subfield code="6">880-05</subfield>
		<subfield code="a">online resource (167 pages)</subfield>
	</datafield>
	<datafield ind1=" " ind2=" " tag="336">
		<subfield code="a">text</subfield>
		<subfield code="2">rdacontent</subfield>
	</datafield>
	<datafield ind1=" " ind2=" " tag="337">
		<subfield code="a">computer</subfield>
		<subfield code="2">rdamedia</subfield>
	</datafield>
	<datafield ind1=" " ind2=" " tag="338">
		<subfield code="a">online resource</subfield>
		<subfield code="2">rdacarrier</subfield>
	</datafield>
	<datafield ind1="1" ind2=" " tag="490">
		<subfield code="6">880-06</subfield>
		<subfield code="a">Riwāyāt tārīkh al-Islām ;</subfield>
		<subfield code="v">al-ḥalaqah al-‘āshirah</subfield>
	</datafield>
	<datafield ind1=" " ind2=" " tag="500">
		<subfield code="a">&quot;هي الحلقة العاشرة من سلسلة روايات تاريخ الإسلام وتشتمل على نكبة البرامكة وأسبابها وما يتخلل ذلك من وصف مجالس الخلفاء ومجالستهم وملابسهم ومواكبهم وبيان ما بلغت إليه الدولة من الحضارة والأبهة في العصر الرشيد.&quot;</subfield>
	</datafield>
	<datafield ind1=" " ind2=" " tag="500">
		<subfield code="a">Part of the Arabic Collections Online (ACO) project, contributed by American University of Beirut's Jafet Memorial Library.</subfield>
	</datafield>
	<datafield ind1=" " ind2=" " tag="533">
		<subfield code="a">Electronic reproduction.</subfield>
		<subfield code="b">New York, N.Y. :</subfield>
		<subfield code="c">New York University,</subfield>
		<subfield code="d">2017.</subfield>
		<subfield code="5">NNU</subfield>
	</datafield>
	<datafield ind1="0" ind2="4" tag="600">
		<subfield code="a">العباسة بنت المهدي</subfield>
		<subfield code="v">قصة.</subfield>
	</datafield>
	<datafield ind1="0" ind2="0" tag="600">
		<subfield code="a">Abbāsah bint al-Mahdī</subfield>
		<subfield code="v">Fiction.</subfield>
	</datafield>
	<datafield ind1=" " ind2="4" tag="650">
		<subfield code="a">الامبراطورية الاسلامية</subfield>
		<subfield code="x">تاريخ</subfield>
		<subfield code="y">750-1258</subfield>
		<subfield code="v">قصة.</subfield>
	</datafield>
	<datafield ind1=" " ind2="0" tag="650">
		<subfield code="a">Islamic Empire</subfield>
		<subfield code="x">History</subfield>
		<subfield code="y">750-1258</subfield>
		<subfield code="v">Fiction.</subfield>
	</datafield>
	<datafield ind1=" " ind2="4" tag="655">
		<subfield code="a">رواية.</subfield>
	</datafield>
	<datafield ind1=" " ind2="0" tag="655">
		<subfield code="a">Novel.</subfield>
	</datafield>
	<datafield ind1="2" ind2=" " tag="710">
		<subfield code="a">Jafet Memorial Library.</subfield>
	</datafield>
	<datafield ind1="0" ind2=" " tag="730">
		<subfield code="a">Arabic Collections Online.</subfield>
	</datafield>
	<datafield ind1="0" ind2=" " tag="775">
		<subfield code="6">880-07</subfield>
		<subfield code="a">al-‎‘‎Abbā‎sah ukht al-Rashīd...</subfield>
		<subfield code="d">al-Qāhirah : Dār al-Hilāl, [19-?]</subfield>
		<subfield code="w">(OCoLC)784407083</subfield>
		<subfield code="w">(OCoLC)784407083</subfield>
	</datafield>
	<datafield ind1="0" ind2=" " tag="775">
		<subfield code="6">880-08</subfield>
		<subfield code="a">al-‎‘‎Abbā‎sah ukht al-Rashīd, aw, nakbat al-Barāmikah</subfield>
		<subfield code="d">al-Qāhirah : Dār al-Hilāl, [19-?]</subfield>
		<subfield code="w">(OCoLC)784407089</subfield>
		<subfield code="w">(OCoLC)784407089</subfield>
	</datafield>
	<datafield ind1="0" ind2=" " tag="775">
		<subfield code="6">880-09</subfield>
		<subfield code="a">al-‎‘‎Abbā‎sah ukht al-Rashīd, aw, nakbat al-Barāmikah</subfield>
		<subfield code="d">Bayrūt : Dār Maktabat al-Ḥayāt, [19-?]</subfield>
		<subfield code="w">(OCoLC)784407108</subfield>
		<subfield code="w">(OCoLC)784407108</subfield>
	</datafield>
	<datafield ind1="0" ind2=" " tag="775">
		<subfield code="6">880-10</subfield>
		<subfield code="a">al-‎‘‎Abbā‎sah ukht al-Rashīd, aw, nakbat al-Barāmikah</subfield>
		<subfield code="d">Bayrūt : Dār al-Andalus lil-Ṭibā‘ah wa-al-Nashr, [between 1900 and 1960?]</subfield>
		<subfield code="w">b19026675</subfield>
	</datafield>
	<datafield ind1="0" ind2="8" tag="776">
		<subfield code="i">Print version:</subfield>
		<subfield code="a">Zaydā‎n, Jirjī, 1861-1914, author.</subfield>
		<subfield code="t">al-‎‘‎Abbā‎sah ukht al-Rashīd, aw, nakbat al-Barāmikah</subfield>
		<subfield code="w">(LeBAU)b12620075</subfield>
	</datafield>
	<datafield ind1=" " ind2="0" tag="830">
		<subfield code="6">880-11</subfield>
		<subfield code="a">Riwāyāt tārīkh al-Islām ;</subfield>
		<subfield code="v">10.</subfield>
	</datafield>
	<datafield ind1="4" ind2="0" tag="856">
		<subfield code="u">http://hdl.handle.net/2333.1/n2z350xg</subfield>
	</datafield>
	<datafield ind1="1" ind2=" " tag="880">
		<subfield code="6">100-01/(3/r</subfield>
		<subfield code="a">زيدان، جرجي،</subfield>
		<subfield code="d">1861-1914،</subfield>
		<subfield code="e">مؤلف. </subfield>
		<subfield code="4">aut.</subfield>
	</datafield>
	<datafield ind1="1" ind2="3" tag="880">
		<subfield code="6">245-02/(3/r</subfield>
		<subfield code="a">العباسة أخت الرشيد، أو، نكبة البرامكة :</subfield>
		<subfield code="b">رواية تاريخية غرامية /</subfield>
		<subfield code="c">تأليف جرجي زيدان، منشئ الهلال.</subfield>
	</datafield>
	<datafield ind1="3" ind2="0" tag="880">
		<subfield code="6">246-03/(3/r</subfield>
		<subfield code="a">نكبة البرامكة</subfield>
	</datafield>
	<datafield ind1=" " ind2="1" tag="880">
		<subfield code="6">264-04/(3/r</subfield>
		<subfield code="a">الفجالة، مصر :</subfield>
		<subfield code="b">مطبعة الهلال،</subfield>
		<subfield code="c">1906.</subfield>
	</datafield>
	<datafield ind1=" " ind2=" " tag="880">
		<subfield code="6">300-05/(3/r</subfield>
		<subfield code="a">167 صفحة ؛</subfield>
		<subfield code="c">24 سم.</subfield>
	</datafield>
	<datafield ind1="1" ind2=" " tag="880">
		<subfield code="6">490-06/(3/r</subfield>
		<subfield code="a">روايات تاريخ الاسلام ؛</subfield>
		<subfield code="v">الحلقة العاشرة</subfield>
	</datafield>
	<datafield ind1="0" ind2=" " tag="880">
		<subfield code="6">775-07/(3/r</subfield>
		<subfield code="a">العباسة اخت الرشيد...</subfield>
		<subfield code="d">القاهرة : دار الهلال، 1949</subfield>
		<subfield code="w">b12561563</subfield>
		<subfield code="w">(OCoLC)784407083</subfield>
	</datafield>
	<datafield ind1="0" ind2=" " tag="880">
		<subfield code="6">775-08/(3/r</subfield>
		<subfield code="a">العباسة اخت الرشيد، او، نكبة البرامكة</subfield>
		<subfield code="d">القاهرة : دار الهلال، [ما بين 1950 و 1959؟]</subfield>
		<subfield code="w">b12561617</subfield>
		<subfield code="w">(OCoLC)784407089</subfield>
	</datafield>
	<datafield ind1="0" ind2=" " tag="880">
		<subfield code="6">775-09/(3/r</subfield>
		<subfield code="a">العباسة اخت الرشيد، او، نكبة البرامكة</subfield>
		<subfield code="d">بيروت : دار مكتبة الحياة، [ما بين 1960 و 1969؟]</subfield>
		<subfield code="w">b12561770</subfield>
		<subfield code="w">(OCoLC)784407108</subfield>
	</datafield>
	<datafield ind1="0" ind2=" " tag="880">
		<subfield code="6">775-10/(3/r</subfield>
		<subfield code="a">العباسة أخت الرشيد، أو، نكبة البرامكة</subfield>
		<subfield code="d">بيروت : دار الأندلس للطباعة والنشر، [ما بين 1900 و 1960؟]</subfield>
		<subfield code="w">b19026675</subfield>
	</datafield>
	<datafield ind1=" " ind2="0" tag="880">
		<subfield code="6">830-11/(3/r</subfield>
		<subfield code="a">روايات تاريخ الاسلام ؛</subfield>
		<subfield code="v">10.</subfield>
	</datafield>
	<datafield ind1=" " ind2=" " tag="959">
		<subfield code="a">NNU</subfield>
		<subfield code="b">WEB</subfield>
		<subfield code="c">GENI</subfield>
		<subfield code="t">0</subfield>
		<subfield code="m">Electronic access</subfield>
		<subfield code="s">01</subfield>
	</datafield>
	<datafield ind1=" " ind2=" " tag="999">
		<subfield code="i">LeBAU_b12620075</subfield>
		<subfield code="s">aub_aco001147</subfield>
		<subfield code="e">(ERROR-MISC)</subfield>
	</datafield>
</record>
